<record><leader>00000cas a2200000 a 4500</leader><controlfield tag="001">27808475</controlfield><controlfield tag="008">930326d19571961cauwr ne      0    0eng c</controlfield><datafield ind1=" " ind2=" " tag="010"><subfield code="a">sn 93053079 </subfield></datafield><datafield ind1=" " ind2=" " tag="040"><subfield code="a">CNK</subfield><subfield code="b">eng</subfield><subfield code="c">CNK</subfield><subfield code="d">OCLCQ</subfield><subfield code="d">CNK</subfield><subfield code="d">OCLCQ</subfield><subfield code="d">OCLCF</subfield><subfield code="d">OCLCO</subfield></datafield><datafield ind1="1" ind2=" " tag="029"><subfield code="a">AU@</subfield><subfield code="b">000020736266</subfield></datafield><datafield ind1=" " ind2=" " tag="042"><subfield code="a">pcc</subfield></datafield><datafield ind1=" " ind2=" " tag="043"><subfield code="a">n-us-ca</subfield></datafield><datafield ind1="0" ind2=" " tag="130"><subfield code="a">Record (Greenville, Calif.)</subfield></datafield><datafield ind1="1" ind2="4" tag="245"><subfield code="a">The record.</subfield></datafield><datafield ind1=" " ind2=" " tag="260"><subfield code="a">Greenville, Plumas County, Calif. :</subfield><subfield code="b">Wm. Stewart.</subfield></datafield><datafield ind1=" " ind2=" " tag="300"><subfield code="a">v.</subfield></datafield><datafield ind1=" " ind2=" " tag="310"><subfield code="a">Weekly</subfield></datafield><datafield ind1="0" ind2=" " tag="362"><subfield code="a">Vol. 26, no. 28 (Oct. 3, 1957)- v. 29, no. 25 (Aug. 31, 1961).</subfield></datafield><datafield ind1=" " ind2=" " tag="530"><subfield code="a">Master negatives are available for duplication from:</subfield><subfield code="b">California Newspaper Microfilm Archive;</subfield><subfield code="c">positive copies may be purchased by the reel; for further information consult the CNMA at:</subfield><subfield code="u">http://cbsr.ucr.edu</subfield></datafield><datafield ind1=" " ind2="0" tag="651"><subfield code="a">Plumas County (Calif.)</subfield><subfield code="v">Newspapers.</subfield></datafield><datafield ind1=" " ind2="7" tag="655"><subfield code="a">Newspapers.</subfield><subfield code="2">fast</subfield><subfield code="0">(OCoLC)fst01423814</subfield></datafield><datafield ind1=" " ind2="7" tag="651"><subfield code="a">California</subfield><subfield code="z">Plumas County.</subfield><subfield code="2">fast</subfield><subfield code="0">(OCoLC)fst01215711</subfield></datafield><datafield ind1=" " ind2=" " tag="752"><subfield code="a">United States</subfield><subfield code="b">California</subfield><subfield code="c">Plumas</subfield><subfield code="d">Greenville.</subfield></datafield><datafield ind1="0" ind2="4" tag="780"><subfield code="t">Indian Valley record</subfield><subfield code="w">(DLC)sn 95061904</subfield></datafield><datafield ind1="0" ind2="4" tag="780"><subfield code="t">Chester progressive</subfield><subfield code="w">(DLC)sn 97060738</subfield></datafield><datafield ind1="0" ind2="0" tag="785"><subfield code="t">Indian Valley record (Greenville, Calif. : 1961)</subfield><subfield code="w">(DLC)sn 97069144</subfield></datafield></record>